101 091000019 1234567892309101400A094101WELLS FARGO            ACME INC             
5200ACME INC                          PAYROLL   230910   1123456789PPD             1234567890000001
6220910000191234567890      00000101256DOE JOHN            0000000001PPD           0910000100000001
6220910000199876543210      00000203456SMITH JANE          0000000002PPD           0910000100000002
6220910000191234509876      00000154321WHITE ALAN          0000000003PPD           0910000100000003
6220910000196543210987      00000306789BROWN SARA          0000000004PPD           0910000100000004
6220910000197654321098      00000256789GREEN PATRICK       0000000005PPD           0910000100000005
6220910000198765432109      00000178945BLACK LISA          0000000006PPD           0910000100000006
6220910000190987654321      00000212345GRAY TIM            0000000007PPD           0910000100000007
820000000700637000022680440000011368800000006370123456789                         0000001
9000001000002000000070063700002268044000001136880000006370                                       0000001
