101 026009593 02600959323011300000094101Bank Of America        Bank Of America                
5200Bob's Manufactur                    881234567 PPDPAYROLL         240918   1026009590000001
6270260095931234             0000653191               Bob's Manufacturing     0026009590000001
62202600959311               0000125413emp2           Sally Reynolds          0026009590000002
62202600959321               0000168724emp1           Bob Smith               0026009590000003
62202600959331               0000119684emp3           Joe Edwards             0026009590000004
62202600959341               0000119684emp4           Jim Reynolds            0026009590000005
62202600959351               0000119684emp5           Not Sure                0026009590000006
82000000060015605754000000653191000000653189881234567                          026009590000001
9000001000001000000060015605754000000653191000000653189                                       
9999999999999999999999999999999999999999999999999999999999999999999999999999999999999999999999